2816 4799
1018 261 1577 340 ——191—-

222 433 846 522 ‘cnupanulatmfi
792 467 797 473 ’
869 429 1122 510 loha,
1201 430 1449 515 (rariss.
1497 433 1592 498 6
1621 433 1704 498 10
1741 431 1925 520 loba)
2005 434 2366 522 saepissime

229 538 765 627 longitudinaliter
802 532 895 599 '5
934 532 1200 621 plicata,
1240 526 1397 604 lobis
1440 560 1555 627 per
1599 537 2068 625 aestivationem
2111 551 2370 605 centor..

230 645 347 722 tis,
393 654 543 731 post
583 639 871 707 anthesin
911 660 1109 729 saepe
1147 639 1468 721 involutis,
1522 643 1732 713 rariss.
1772 641 2127 709 imbricatis.
2211 644 2368 711 Sta⁴

228 748 401 815 mina
445 746 720 813 corollae
774 745 932 812 lobis
995 766 1259 811 numero
1302 748 1587 836 aequalia
1634 749 1834 834 iisque
1899 746 2168 823 alterna,
2236 746 2360 811 imo

230 856 388 922 tubo
456 852 659 918 rarius
726 850 896 935 sauci
953 850 1221 929 inserta,
1283 852 1496 918 libera.
1593 832 1910 919 Antherae
1976 849 2362 929 biloculare5‚

231 955 453 1025 loculis
495 954 797 1044 appositis
839 955 997 1027 rima
1037 954 1474 1040 longitudinali
1512 954 1996 1027 dehiscentibus.
2081 956 2366 1025 Germen

231 1086 311 1129 ex
376 1062 603 1155 ovariis
671 1048 920 1127 duobus
993 1072 1287 1127 constans
1354 1070 1533 1129 arcte
1597 1060 1916 1140 connatis,
1983 1059 2367 1147 quandoque

226 1152 678 1233 bilocularibus
723 1164 1012 1231 discretis
1075 1175 1141 1232 et
1186 1164 1520 1252 bipartitis,
1564 1175 1636 1231 ut
1689 1165 1896 1255 ipsum
1949 1164 2370 1252 quadripartb⁸

229 1283 362 1338 tum
409 1278 782 1358 appareat·
818 1269 1026 1337 Ovula
1081 1268 1273 1336 cuivis
1322 1267 1535 1334 ovario
1594 1267 1852 1336 definita
1908 1269 2036 1336 scil.
2093 1271 2366 1339 solitaria

228 1374 267 1439 l.
336 1373 486 1438 bina
561 1358 973 1452 collateralia,
1065 1378 1297 1439 erecta.
1425 1372 1584 1463 Styli
1636 1376 1716 1454 2,
1803 1397 1998 1462 saepe
2076 1377 2364 1444 connati.

164 1508 170 1515 ·
228 1480 531 1567 stigmata
578 1473 841 1541 totidem
884 1475 1113 1543 coalita
1152 1476 1191 1542 l.
1232 1474 1526 1544 distincta
1569 1498 1715 1543 raro
1758 1479 2206 1567 bi—tripartita.

274 1684 321 1717 «ι
401 1641 842 1732 Pericarpium
902 1640 1396 1732 oligospermum
1458 1647 1495 1714 l.
1529 1646 1778 1715 -abortu
1833 1669 2364 1739 monospemunr,

227 1748 637 1840 utplurimum
666 1746 999 1836 'capsulare
1041 1748 1342 1816 valvatum
1364 1798 1382 1829 .,
1426 1772 1571 1816 raro
1617 1750 2150 1835 circumscissum‚
2194 1779 2366 1825 nunc.

228 1856 606 1920 baccatum:
646 1854 965 1923 columna
1027 1850 1287 1919 centrali
1347 1854 1482 1919 basi
1538 1844 1896 1922 seminifera
1952 1857 2361 1946 dissepimen

226 1968 363 2025 tum
424 1967 616 2022 tenue
673 1958 1230 2023 membranaceum
1287 1956 1536 2024 valvulis
1595 1958 1984 2046 parallelum,
2046 1964 2362 2049 margina-

230 2072 399 2141 tum‚
445 2060 906 2145 constituente:
955 2062 1065 2128 ubi
1107 2062 1320 2130 ovaria
1363 2040 1639 2131 discreta
1680 2075 1760 2131 et
1785 2066 1955 2134 intus
2004 2066 2366 2137 bilocularia

227 2163 265 2229 l.
306 2165 369 2228 in
394 2162 589 2228 lobos
635 2161 961 2234 distinctos
1009 2169 1273 2255 partita,
1313 2188 1564 2255 semper
1605 2166 2018 2237 indehiscens.
2106 2171 2363 2243 Semina

230 2279 476 2348 erecta,
538 2267 749 2349 nuda,
822 2272 1136 2337 albumine
1202 2295 1432 2361 parco,
1508 2273 1981 2360 mucilaginoso.
2078 2273 2363 2363 Embryo

229 2362 562 2455 curvatus3
633 2373 913 2443 radicula
969 2377 1171 2444 infera
1243 2375 1324 2446 ad
1395 2374 1585 2444 hilum
1660 2379 1899 2467 posita:
1980 2376 2364 2469 cotyledoni-

228 2481 348 2547 bus
403 2482 763 2567 corrugatis
816 2482 1280 2568 germinatione
1347 2480 1657 2562 foliaceis‚
1730 2481 2094 2572 saepissime
2158 2505 2361 2549 emar-

229 2586 461 2674 ginatis
502 2582 588 2672 *).

401 2755 947 2828 convolvulaceae
1021 2759 1085 2827 in
1152 2758 1408 2849 tropicis
1475 2775 1883 2843 numerosae,
1938 2761 2087 2828 inde
2140 2783 2357 2829 versus

227 2861 406 2955 polos
466 2864 696 2931 sensim
728 2879 1019 2931 numero
1063 2863 1474 2947 decrescunt,
1531 2868 1618 2935 ita
1680 2877 1752 2936 ut
1815 2889 1853 2932 e
1906 2887 2068 2932 zona
2124 2865 2360 2954 frigida

226 2972 414 3061 plane
467 2965 677 3037 exules
734 2956 872 3038 sint.

201 3183 204 3187 ι
398 3135 718 3203 Genera.-
806 3134 1228 3205 Convolvulus
1249 3115 1351 3203 *L.
1435 3136 1806 3228 Calystegia
1874 3135 1958 3201 R.
2008 3133 2119 3202 Br.
2208 3122 2374 3224 Ipo-⁸

225 3266 411 3310 moea
451 3243 530 3309 L.
597 3242 996 3309 Mouroucoa
1035 3244 1214 3310 Aubl.
1262 3242 1596 3331 (Maireria
1637 3237 1869 3328 Scep.)
1915 3241 2159 3308 Calboa
2202 3244 2356 3309 Cav.

142 3407 143 3414 ,
226 3349 753 3435 (Macrostemma
785 3346 1007 3432 Pers.)
1090 3347 1408 3416 Breweria
1449 3344 1532 3412 R.
1572 3348 1684 3414 Br.
1770 3348 2028 3414 Porana
2073 3348 2150 3432 L.
2225 3347 2359 3414 Bo-

292 3635 356 3707 *2
389 3639 561 3693 Notas
598 3637 809 3693 ordinis
846 3644 1132 3708 primarias
1184 3640 1458 3692 seminum
1507 3651 1771 3690 numerus
1821 3633 2084 3691 delinitus
2132 3651 2362 3692 eorum-

398 3746 509 3802 que
560 3731 890 3798 placentatio
937 3748 1000 3783 ac
1048 3739 1318 3783 structura
1365 3734 1580 3783 interna
1630 3727 1922 3806 praebent:
1982 3726 2357 3781 excludendae

396 3822 572 3887 igitur
618 3821 807 3871 Retzia
854 3816 1080 3871 Thunb.
1129 3829 1183 3869 et
1228 3816 1634 3871 Lonchostoma
1672 3821 1937 3871 WVickstr.
1972 3815 2184 3870 ordinis
2223 3835 2355 3885 pro-

312 3975 327 3982 Ἄ
396 3909 508 3974 prii
542 3911 773 3980 vestigia
795 3947 810 3973 ,
845 3906 940 3960 hic
978 3909 1047 3960 ad
1097 3908 1299 3959 calcem
1343 3901 1906 3960 Convolvulacearum
1941 3907 2174 3973 rejectae
2211 3913 2355 3962 inter

390 3992 595 4054 ‘dubias
631 4007 813 4049 autem
851 3989 1061 4050 ordinis
1098 3997 1245 4050 cives‘
1285 3996 1521 4064 Erycibe
1563 3997 1741 4051 Roxb.
1785 4014 1913 4049 cum
1954 3997 2150 4052 Cer-via
2188 3998 2358 4056 Rodr.

396 4078 1114 4155 reserendae‚'usquedum
1166 4103 1355 4141 earum
1403 4088 1620 4154 fruetus
1664 4100 1720 4140 et
1756 4090 1967 4143 semina
2012 4091 2232 4153 melius-
2269 4094 2358 4143 in·-

395 4177 696 4228 notuerint.
765 4196 777 4205 ·
