2816 4799
988 212 1150 315 x-
1244 272 1366 354 ‚55
1502 266 1604 315 '-

236 442 386 531 pius
428 442 725 530 ringens,
786 418 1019 511 tarlsss
1048 440 1346 533 aequale,
1412 443 1762 531 segmentis
1817 432 2018 509 tribus
2078 440 2405 507 exteriori-

234 550 395 624 bus,
464 546 665 613 tribus
720 545 972 614 alternis
1039 550 1460 616 interioribus.
1563 551 2059 636 Segmentorum
2133 544 2400 614 exterio-
2506 556 2510 575 ¹

228 674 381 717 rum
442 653 789 731 anticum,‘
821 648 995 763 quod
1038 653 1123 716 ob
1165 673 1434 737 germen
1477 652 1931 741 pedicellumve
1972 664 2215 720 tortum
2245 677 2396 718 sae-
2443 728 2468 751 Χ

227 757 376 843 pius
439 755 755 841 posticum
804 767 1112 844 apparet,
1177 756 1243 821 in
1298 758 1580 845 plurimis
1635 757 2015 823 fornicatum
2057 782 2097 823 a
2144 758 2394 824 duobus

228 857 601 926 lateralibus
645 857 808 923 inter
850 882 922 925 se
962 859 1330 947 aequalibus
1378 862 1726 929 diversum:
1784 874 2259 949 segmentorum
2302 865 2394 929 in-

160 1022 179 1031 ,
223 949 539 1029 teriorum
594 960 874 1028 lateralia
929 987 1077 1029 cum
1134 964 1516 1033 exteriorum
1567 946 1785 1034 ¹antico
1836 962 2008 1029 haud
2065 987 2213 1030 raro
2258 968 2393 1033 basi

222 1066 471 1133 coalita'
523 1076 588 1132 et
648 1069 1075 1159 conniventia,
1163 1068 1517 1157 posticum,
1584 1069 1758 1157 quod
1819 1070 2114 1135 exteriori
2178 1072 2391 1137 antico

218 1172 596 1261 oppositum
672 1171 925 1258 saepius
1004 1174 1123 1236 sub
1193 1173 1442 1240 anthesi
1518 1177 1794 1242 anticum
1867 1178 1939 1241 fit
2021 1175 2391 1261 (babellum

126 1324 137 1328 -
218 1278 466 1363 auct),
532 1279 614 1341 ab
660 1277 948 1343 omnibus
992 1270 1246 1363 reliquis
1303 1278 1671 1365 saepissime
1730 1276 1911 1344 valde
1967 1277 2284 1345 diversum
2328 1292 2392 1348 et

158 1404 169 1411 ’
213 1383 578 1451 substantia
636 1392 713 1448 et·
752 1382 1004 1467 figura,
1083 1378 1349 1445 liberum
1407 1381 1445 1444 l.
1504 1382 1835 1448 columnae
1890 1383 2389 1451 fructificationis

215 1490 365 1556 basi
432 1486 770 1565 adnutum,
836 1485 1158 1572 integrum
1206 1484 1243 1549 l.
1299 1485 1583 1552 lobatum
1602 1536 1621 1565 ,
1689 1487 1830 1582 basi
1870 1511 2066 1576 saepe
2110 1490 2389 1555 calcara-

212 1590 394 1676 tuui‚
440 1596 625 1682 apice
669 1608 1117 1677 nonnunquam
1163 1590 1750 1677 appendiculatum,
1801 1593 1964 1657 facie
2005 1594 2389 1683 quandoque

210 1702 568 1767 cristatum.
653 1696 1011 1773 Filamenta
1051 1694 1207 1771 tria,
1271 1699 1619 1782 segmentis
1666 1699 2083 1765 exterioribus
2130 1701 2384 1787 perian-

168 1807 334 1873 2thii
385 1806 719 1894 opposita,
789 1801 954 1866 inter
1013 1822 1086 1865 se
1148 1811 1212 1866 et
1271 1789 1459 1869 cum''
1475 1802 1634 1890 stylo
1695 1804 1760 1867 in
1820 1802 2174 1869 columnam
2231 1817 2379 1871 ante

208 1909 623 1996 segmentum
694 1907 969 1987 exterius
1027 1906 1306 1971 anticum
1379 1904 1652 1991 positam
1718 1919 2023 1975 connata:
2098 1892 2383 1975 lateralia

206 2016 583 2102 saepissime
640 2011 873 2079 sterilia
925 2012 1292 2077 abbreviata
1351 2009 1389 2074 l.
1439 2000 1770 2089 obsoleta,
1850 2013 2061 2079 rariss.
2118 2014 2410 2080 fertilia(

206 2119 475 2191 tertium
544 2115 1001 2183 antheriferum
1073 2114 1111 2181 l.
1178 2115 1496 2182 rarissime
1551 2113 1699 2211 (ubi
1769 2113 2053 2180 lateralia
2115 2116 2380 2203 fertilia)

206 2221 469 2289 sterila
541 2219 864 2286 Antherae
918 2216 1328 2299 biloculages:
1406 2220 1628 2286 loculis
1670 2205 1927 2287 remotis
1972 2221 2010 2286 l.
2056 2224 2379 2289 subconti-
2497 2270 2512 2299 l

206 2328 361 2416 guis
401 2324 732 2395 columnae
777 2309 1028 2390 adnatis
1075 2323 1113 2390 l.
1170 2325 1251 2388 ab
1298 2322 1525 2389 eadem
1568 2324 1821 2405 solutis,
1886 2325 2370 2414 persistentibus

206 2434 261 2498 1.-
317 2430 641 2511 deciduis,
722 2431 890 2497 intus
971 2423 1432 2518 dissepimento'
1487 2427 1925 2516 longitudinali
1997 2419 2260 2517 simplici
2334 2431 2374 2496 l.

202 2538 417 2604 rariss.
494 2535 725 2624 triplici
795 2537 1040 2617 divis1s,
1129 2536 1289 2601 rIma
1362 2531 1799 2619 longitudinali
1882 2533 2394 2624 dehiscentibus„

200 2643 671 2710 Connectivum
717 2661 865 2707 cum
912 2641 1203 2721 columna
1247 2637 1612 2704 continuum
1656 2632 1693 2698 l.
1739 2636 2167 2720 articulatum,
2214 2629 2374 2704 non-⁴

200 2770 529 2835 nunquam
582 2745 748 2812 ultra
806 2744 1044 2811 loculos
1089 2733 1491 2831 produ'ctum.
1596 2738 1852 2807 Pollinis
1910 2741 2180 2828 granula
2223 2743 2372 2808 sim-

201 2845 391 2939 plicia
446 2849 484 2914 l.
545 2833 590 2914 e
638 2850 991 2936 sphaerulis·
1043 2859 1317 2936 quatuor
1348 2819 1725 2944 ”composila
1746 2895 1764 2925 ,
1834 2846 1954 2912 sub
2014 2846 2258 2912 anthesi
2303 2849 2369 2913 in

197 2979 447 3023 massas
490 2956 565 3034 2,
610 2953 653 3019 4
689 2951 728 3018 l.
751 2955 796 3018 8
836 2954 1092 3040 figurae
1135 2950 1592 3019 determinatae
1638 2951 2089 3038 conglutinata.
2191 2941 2364 3019 Mas-v

200 3087 315 3128 sae
358 3049 533 3125 nunc
566 3082 604 3124 e
636 3057 908 3145 globulis
947 3058 1333 3136 numerosis,
1379 3056 1696 3146 angulatis
1738 3057 2002 3122 materia
2041 3056 2362 3143 glutinosa

197 3162 689 3231 cohaerentibus
735 3162 1078 3240 formatae,
1123 3183 1297 3225 nunc
1335 3161 1827 3248 subpulvereae,
1877 3152 2361 3243 lam‘elliformeS,

194 3269 485 3358 granulis
550 3267 734 3333 facile
805 3265 1205 3350 solubilibus,
1285 3288 1458 3330 nunc
1514 3287 1853 3345 ceraceae,
1919 3267 2364 3354 homogeneae
2453 3343 2459 3352 ⁸

194 3377 451 3455 laeves3
523 3385 671 3462 post
743 3369 1197 3464 dehiscentiang
1269 3369 1618 3435 loculorum
1682 3369 1879 3437 altera
1944 3371 2358 3451 extremitate,

191 3481 452 3567 saepius
512 3488 873 3555 attenuata,
947 3476 1230 3561 stigmati
1280 3473 1318 3541 l.
1373 3474 1733 3541 immediate
1787 3473 1825 3538 l.
1880 3496 2188 3560 processu
2241 3473 2390 3539 fili--

193 3587 383 3651 formi
427 3584 685 3651 elastico
730 3583 817 3647 ab
854 3582 1008 3667 ipsis
1051 3591 1163 3646 aut
1205 3603 1263 3660 a¹
1285 3580 1590 3665 stigmate
1642 3590 1788 3645 orto
1828 3578 2075 3643 affixae.
2185 3580 2354 3643 Ger-

190 3715 338 3757 men
380 3690 737 3769 unicolare,
803 3685 993 3752 costis
1036 3687 1147 3748 sex
1190 3681 1782 3768 longitudinalibus,
1839 3681 2041 3747 tribus
2083 3682 2355 3747 crassio-

188 3796 387 3861 ribus*
440 3771 791 3881 segmentis
824 3779 1188 3876 ‘perianthii
1258 3773 1671 3856 exterioribus
1732 3786 2058 3872 oppositis.
2181 3787 2352 3852 'Pro-

189 3899 605 3988 phospermia
655 3897 699 3962 3
734 3893 1133 3961 nerviformia
1190 3888 1535 3975 segmentis
1577 3886 1911 3974 perianthii
1949 3891 2353 3958 interioribus
2419 3973 2422 3976 Ι
2457 3953 2462 3958 ,

188 4005 519 4093 opposita,
576 4000 957 4090 parietalia,
1002 3987 1444 4096 multi'povulata.
1535 3989 1750 4078 Stylus
1795 4014 1942 4062 cum
1984 3996 2351 4060 staminibus

190 4118 522 4176 comatus.
611 4107 865 4192 Stigma
906 4104 1264 4190 obliquum,
1336 4117 1719 4176 concavum,
1781 4095 2111 4163 humorem
2154 4098 2353 4180 muci-2

189 4215 549 4302 laginosum
609 4223 982 4284 secernenS,
1057 4204 1279 4272 labello
1337 4201 1704 4267 obversum:
1778 4199 1840 4264 in
1902 4202 2085 4290 apice
2142 4202 2348 4267 lateri-
